1778 3480
19 402 136 467 alternis
161 403 269 466 vicibus
288 399 448 479 depraefio,
473 404 672 469 ἀ,ς1εναῐῐοξ

19 486 112 545 Ratio
134 484 234 562 itaque
253 479 362 538 tamdiu
381 479 525 559 quaesitu,
552 502 617 560 qnae
636 488 673 545 D.
766 538 769 544 .

21 562 252 622 Schelltarnerutn
271 574 375 635 meque
394 558 520 616 exercuit
539 604 548 633 ‚
574 579 607 617 at
627 576 673 618 tot

20 641 211 699 Eruditorunt
230 633 312 692 torfit
338 635 470 712 ingenia,
489 655 541 694 eur·
560 637 672 715 impen-

20 717 108 777 dente
121 714 242 795 pluvia,
267 716 295 770 δε
310 712 374 769 adu
392 711 576 773 descendente
595 718 674 773 Mer·

20 795 121 855 entius
146 793 177 849 in
202 790 410 852 Tortirelliana
436 790 541 850 Fistula
560 793 675 853 descen·

20 872 101 945 dat,
124 875 153 931 ἀ
178 869 315 932 redeunte
342 867 490 928 serenitate
516 874 650 932 elevetur
675 939 681 947 .

21 948 116 1007 modo
128 949 160 1005 iu
179 951 336 1024 propatulo
358 947 411 1004 esl'e
425 947 516 1020 eaepit.
532 949 680 1006 cauden·-

26 1023 98 1083 dnm
133 1022 232 1098 itaque
257 1027 294 1078 D.
315 1021 517 1076 Selrelharneto
534 1024 684 1099 mihique,

25 1098 108 1177 quod
122 1095 267 1155 oerafione
283 1094 385 1152 nostrae
395 1097 676 1156 Controvetstaetanr

28 1175 112 1233 ardui
130 1172 319 1250 problematis
334 1169 445 1229 solutio
462 1172 628 1249 euretserit,
648 1180 677 1234 de

27 1254 82 1325 Vit
97 1248 276 1308 Clarissrmus
294 1249 383 1327 quim
399 1248 633 1329 nobiliinvento
647 1253 684 1311 ab

17 1328 167 1401 ,ulteriori
184 1326 320 1405 indagine
337 1345 389 1386 nos
407 1324 576 1392 absolverit.

68 1406 218 1484 Principali
244 1406 342 1483 itaque
362 1403 575 1484 phanomeno‚
603 1412 683 1480 euius

28 1480 256 1564 frequentissima
281 1481 320 1542 est
335 1481 521 1560 observatio,
548 1487 577 1542 in
594 1491 683 1544 Baro-

29 1581 125 1622 rnetro
139 1564 226 1641 longe
240 1561 372 1638 certius,
399 1565 428 1620 δι
445 1562 605 1640 expeditius
622 1563 688 1622 hoe.

29 1643 115 1721 pado
131 1638 304 1701 satisfauun
319 1656 419 1720 puto,
446 1643 537 1720 quaint
552 1660 602 1721 pet
629 1660 679 1700 ae-

29 1719 68 1777 tir
79 1718 304 1795 elaslieitutent,
329 1736 449 1798 quarne
501 1734 552 1781 aut
567 1737 686 1795 ornnes,

29 1796 83 1869 qui
95 1795 213 1861 huiusi:
230 1796 297 1848 nodi
315 1795 440 1849 vindicer
500 1810 515 1848 e
530 1792 684 1869 alienant,

31 1887 94 1927 non
113 1867 190 1923 enim
203 1865 343 1937 aliunde,
370 1864 458 1940 quim
477 1868 514 1925 ab
529 1871 601 1928 aeris
615 1878 682 1950 gra'-

29 1948 121 2007 vitate
138 1942 238 2019 maiori
254 1941 300 1999 vel
317 1940 426 1998 minori
444 1940 630 2005 deducendus
644 1948 688 2006 est

30 2020 160 2083 aseensus
187 2019 233 2077 vel
257 2015 406 2075 descensus
426 2022 591 2096 Mercurii,
616 2042 685 2082 eunt

29 2099 184 2161 elastieitas
199 2084 417 2154 determinatam
426 2114 484 2153 non
492 2097 594 2157 lrabeat
609 2097 685 2157 dite·

28 2180 159 2239 dionem
178 2190 213 2235 ue
227 2174 257 2231 in
272 2190 357 2230 unam
375 2190 486 2249 partem
495 2176 586 2257 magis
594 2178 684 2255 quint

34 2258 68 2317 in
94 2257 179 2314 aliam
205 2256 265 2315 vim
286 2250 364 2310 snam
383 2267 505 2317 exerat.
530 2260 610 2314 Duas
631 2253 685 2312 else

29 2334 222 2419 particulares
236 2331 307 2389 actis
320 2327 497 2405 affestiones,
516 2336 690 2413 grauitatem

34 2415 156 2491 seilicet,
174 2417 202 2469 de
216 2408 414 2468 elaslieitatem
429 2426 509 2469 certo
521 2406 688 2481 eertiiuesr,

36 2488 87 2548 sed
106 2491 276 2567 grauitatem
291 2487 437 2568 cognitam
451 2486 590 2545 ltabenrut
605 2488 686 2543 dila-

34 2582 167 2624 rotnetro
182 2606 192 2638 ‚
219 2567 415 2625 elastieitatenr
428 2564 445 2619 d
459 2566 567 2641 Selopo
616 2580 688 2620 neu·

35 2645 156 2701 matieo.
177 2649 309 2718 AEquurn
328 2644 418 2722 igitur
427 2640 505 2717 duxi,
521 2644 580 2698 1²1ae
595 2659 623 2698 es
640 2648 690 2699 Sa·

37 2717 223 2801 pienriffime,
244 2717 623 2783 luventuotltoccsarisiinti
641 2718 693 2776 vi-

613 2816 656 2870 rt,
