1816 3450
684 280 731 357 77

120 356 245 432 tionem,
264 358 293 415 δε
308 353 445 436 principia
460 355 551 432 prima
566 353 708 427 statuere,
729 357 778 415 aei

122 453 182 492 rem
209 433 320 513 aquosis
347 434 494 514 paniculis
518 430 668 510 gravidum
685 432 777 490 levio·

118 529 180 569 rem
193 510 275 586 elle,
301 513 387 591 quam
409 511 458 570 sibi
476 509 624 582 relistum,
651 528 716 566 eum
733 527 777 568 ea-

119 607 185 646 meu
205 591 309 648 millies
328 590 441 669 superet
461 607 542 663 aquae
563 583 676 664 pondus
691 588 778 661 aeris,·

118 667 251 744 adeoque
277 666 341 726 lieri
366 685 424 725 nou
444 661 528 744 poffir
548 663 621 742 quin
642 681 780 744 maguum

120 744 129 798 i
152 742 171 799 ss
186 763 220 801 ex
236 762 315 803 novo
333 744 388 802 hoe
403 760 523 820 corpore
536 742 564 801 se
580 758 630 818 per
644 756 712 799 eum
722 739 779 798 dif-

134 819 260 878 undenee
276 820 388 896 pondus
403 819 533 881 accedat.
559 817 644 876 Unde
660 816 780 875 admilla

121 895 236 951 ratione
247 897 301 953 cl:
311 897 494 967 Ramazzini,
514 894 691 968 consequens
699 894 780 950 aliud

122 966 190 1025 ablu
197 970 278 1028 edum
293 974 492 1048 colligeretur:
512 970 566 1026 hoe
586 969 662 1023 euim
677 969 781 1042 pofiro,

121 1046 274 1123 paniculas
289 1047 414 1121 salinas,
444 1046 580 1119 nitrosas,
608 1058 728 1118 terreas,
749 1044 780 1101 iu

121 1138 187 1178 aere
202 1123 361 1182 innatantes
379 1125 444 1202 plus
460 1122 564 1178 millies
583 1119 715 1196 superare
731 1137 782 1175 oe·

118 1197 223 1256 eelsum
251 1200 326 1259 loret
357 1201 445 1279 ipsius
456 1199 527 1258 aeris
546 1199 658 1279 pondus
673 1196 703 1251 in
722 1214 785 1273 quo

123 1291 241 1352 natent,
261 1277 390 1360 adeoque
409 1278 541 1358 graviora
554 1292 676 1371 corpora
692 1273 724 1330 iu
740 1274 784 1330 le-

82 1376 86 1385 ·
122 1355 196 1413 viori
212 1355 358 1434 inualare,
379 1355 426 1413 seu
444 1372 539 1414 aerem
558 1370 648 1426 marus
668 1349 783 1428 pondus

119 1426 256 1491 {inlinere
274 1436 362 1513 quim
378 1432 435 1513 ipse
451 1433 621 1502 constituae.
642 1428 729 1508 de
740 1425 784 1484 fa·

119 1507 175 1564 eile
189 1507 230 1569 est
244 1512 414 1574 ostendere.
440 1517 517 1571 Nam
537 1509 647 1588 sraqua
666 1524 712 1563 eas
733 1502 784 1561 de-

120 1585 272 1665 primere,
300 1590 521 1670 &precipitare
545 1609 581 1648 ex
602 1600 665 1674 aare
679 1581 782 1655 deber,

120 1679 238 1738 oportet
256 1684 319 1724 eam
341 1672 449 1745 replere
466 1686 565 1725 omnes
581 1680 652 1724 aeus
678 1677 783 1737 poros,

120 1737 365 1814 illosqueeoros,
393 1746 461 1799 alias
482 1743 591 1818 pollent
610 1755 733 1814 ueraque
750 1735 782 1792 in

120 1809 221 1870 iisdem
241 1814 317 1883 poris
332 1813 415 1868 fimul
434 1815 554 1876 lraerere.
573 1820 618 1872 Ar
632 1813 783 1888 aquamil·

120 1885 173 1942 lies
188 1900 284 1959 aequar
303 1886 414 1960 pondus
439 1889 512 1941 aeris
530 1907 539 1946 r
564 1888 600 1944 fit
620 1902 717 1939 autem
733 1887 782 1945 ille

122 1957 234 2032 levior,
252 1959 307 2033 (ex
322 1957 495 2038 hypothesi)
514 1959 535 2019 li
552 1957 668 2037 aquolae
680 1958 783 2018 detur·

121 2036 193 2098 baut
209 2033 322 2098 salinas.
343 2045 419 2116 Ergo
436 2034 577 2096 oeeellum
593 2033 633 2094 est
648 2051 694 2092 eas
702 2051 784 2114 ‘aqua

124 2113 206 2172 omui
233 2115 263 2174 iu
289 2133 352 2173 aere
378 2110 607 2173 eoneeoeafuille
622 2111 785 2191 graviores,
819 2165 823 2175 .

122 2189 253 2268 adeoque
280 2193 346 2270 plus
361 2194 465 2251 millies
481 2194 552 2250 aeris
567 2190 680 2271 pondus
695 2189 783 2269 supe·

122 2265 216 2328 offer
244 2276 308 2331 Hoc
335 2288 405 2332 ueto
432 2289 519 2328 nemo
534 2269 616 2328 facile
629 2266 783 2346 admitterg

124 2344 223 2402 saltem
239 2349 273 2407 ele
290 2348 384 2406 salinis
398 2367 421 2411 a
434 2367 494 2407 non
512 2347 617 2422 modo,
643 2346 782 2422 quonium

88 2466 93 2476 .
124 2425 262 2484 contineri
278 2424 340 2485 illas
352 2425 452 2485 eadem
466 2427 562 2504 eopia,
581 2439 783 2504 quaaquaeo·

122 2499 234 2558 rinrrur
262 2502 401 2563 nebuloso
416 2501 602 2581 &pluvioso
627 2516 777 2576 tempore,

122 2573 197 2635 credi
210 2597 270 2636 nou
290 2581 381 2655 porell
399 2627 408 2655 ,
434 2600 501 2640 cum
518 2577 577 2658 ipsa
591 2597 666 2659 aqua
679 2576 779 2655 copio-

122 2652 178 2718 ὕοι
193 2648 268 2720 laur
282 2655 349 2718 hinc
363 2656 481 2735 afflarat,
500 2655 781 2744 &solvrruriupluq

317 2740 329 2754 ⁸
451 2739 482 2799 D
520 2753 541 2823 ζ
658 2747 737 2806 ylam
