<?xml version="1.0" encoding="UTF-8"?>
<!DOCTYPE html PUBLIC "-//W3C//DTD XHTML 1.0 Transitional//EN"
    "http://www.w3.org/TR/xhtml1/DTD/xhtml1-transitional.dtd">
<html xmlns="http://www.w3.org/1999/xhtml" xml:lang="en" lang="en">
 <head>
  <title>
</title>
<meta http-equiv="Content-Type" content="text/html;charset=utf-8" />
  <meta name='ocr-system' content='tesseract 3.04.00' />
  <meta name='ocr-capabilities' content='ocr_page ocr_carea ocr_par ocr_line ocrx_word'/>
</head>
<body>
  <div class='ocr_page' id='page_1' title='image "./ephemeridesbaro00leibgoog_0086.png"; bbox 0 0 1816 3450; ppageno 0'>
   <div class='ocr_carea' id='block_1_1' title="bbox 195 245 860 716">
    <p class='ocr_par' dir='ltr' id='par_1_1' title="bbox 195 245 860 716">
     <span class='ocr_line' id='line_1_1' title="bbox 202 245 859 424; baseline 0.003 -34"><span class='ocrx_word' id='word_1_1' title='bbox 202 329 233 391; x_wconf 82' lang='lat' dir='ltr'>sa</span> <span class='ocrx_word' id='word_1_2' title='bbox 247 245 458 397; x_wconf 46' lang='lat' dir='ltr'>gdrricerlianr</span> <span class='ocrx_word' id='word_1_3' title='bbox 473 331 558 398; x_wconf 55' lang='lat' dir='ltr'>tacui</span> <span class='ocrx_word' id='word_1_4' title='bbox 577 309 805 424; x_wconf 71' lang='lat' dir='ltr'>experimedt&#39;um</span> <span class='ocrx_word' id='word_1_5' title='bbox 820 330 859 392; x_wconf 69' lang='lat' dir='ltr'>sie</span> 
     </span>
     <span class='ocr_line' id='line_1_2' title="bbox 198 409 858 492; baseline -0.008 -21"><span class='ocrx_word' id='word_1_6' title='bbox 198 409 266 472; x_wconf 84' lang='lat' dir='ltr'>fieti</span> <span class='ocrx_word' id='word_1_7' title='bbox 291 412 402 492; x_wconf 89' lang='lat' dir='ltr'>posset,</span> <span class='ocrx_word' id='word_1_8' title='bbox 436 426 470 467; x_wconf 90' lang='lat' dir='ltr'>ut</span> <span class='ocrx_word' id='word_1_9' title='bbox 494 415 657 469; x_wconf 83' lang='lat' dir='ltr'>Mercurius</span> <span class='ocrx_word' id='word_1_10' title='bbox 673 410 808 486; x_wconf 80' lang='lat' dir='ltr'>penderet</span> <span class='ocrx_word' id='word_1_11' title='bbox 827 411 858 466; x_wconf 92' lang='lat' dir='ltr'>in</span> 
     </span>
     <span class='ocr_line' id='line_1_3' title="bbox 196 485 860 564; baseline -0.006 -17"><span class='ocrx_word' id='word_1_12' title='bbox 196 490 287 548; x_wconf 82' lang='lat' dir='ltr'>Tubo</span> <span class='ocrx_word' id='word_1_13' title='bbox 301 491 357 546; x_wconf 90' lang='lat' dir='ltr'>srne</span> <span class='ocrx_word' id='word_1_14' title='bbox 373 489 484 560; x_wconf 86' lang='lat' dir='ltr'>sulcro,</span> <span class='ocrx_word' id='word_1_15' title='bbox 502 489 683 564; x_wconf 82' lang='lat' dir='ltr'>&amp;perpetua</span> <span class='ocrx_word' id='word_1_16' title='bbox 699 485 860 544; x_wconf 82' lang='lat' dir='ltr'>immersio-</span> 
     </span>
     <span class='ocr_line' id='line_1_4' title="bbox 195 558 858 636; baseline -0.003 -14"><span class='ocrx_word' id='word_1_17' title='bbox 195 580 235 622; x_wconf 82' lang='lat' dir='ltr'>ne</span> <span class='ocrx_word' id='word_1_18' title='bbox 254 567 284 620; x_wconf 91' lang='lat' dir='ltr'>in</span> <span class='ocrx_word' id='word_1_19' title='bbox 301 563 443 636; x_wconf 76' lang='lat' dir='ltr'>vasculo,</span> <span class='ocrx_word' id='word_1_20' title='bbox 462 567 491 621; x_wconf 76' lang='grc' dir='ltr'>δι</span> <span class='ocrx_word' id='word_1_21' title='bbox 512 565 590 634; x_wconf 77' lang='lat' dir='ltr'>juxta</span> <span class='ocrx_word' id='word_1_22' title='bbox 606 558 752 622; x_wconf 76' lang='lat' dir='ltr'>diversum</span> <span class='ocrx_word' id='word_1_23' title='bbox 771 564 858 620; x_wconf 79' lang='lat' dir='ltr'>Aeris</span> 
     </span>
     <span class='ocr_line' id='line_1_5' title="bbox 195 635 858 716; baseline 0 -20"><span class='ocrx_word' id='word_1_24' title='bbox 195 637 301 696; x_wconf 87' lang='lat' dir='ltr'>starum</span> <span class='ocrx_word' id='word_1_25' title='bbox 320 640 410 697; x_wconf 77' lang='lat' dir='ltr'>modo</span> <span class='ocrx_word' id='word_1_26' title='bbox 426 637 607 716; x_wconf 77' lang='lat' dir='ltr'>ascenderet,</span> <span class='ocrx_word' id='word_1_27' title='bbox 633 637 723 696; x_wconf 84' lang='lat' dir='ltr'>modi&gt;</span> <span class='ocrx_word' id='word_1_28' title='bbox 742 635 858 696; x_wconf 86' lang='lat' dir='ltr'>descen-</span> 
     </span>
    </p>
   </div>
   <div class='ocr_carea' id='block_1_2' title="bbox 194 715 856 796">
    <p class='ocr_par' dir='ltr' id='par_1_2' title="bbox 194 715 856 796">
     <span class='ocr_line' id='line_1_6' title="bbox 194 715 856 796; baseline 0.002 -24"><span class='ocrx_word' id='word_1_29' title='bbox 194 715 298 788; x_wconf 85' lang='lat' dir='ltr'>deret,</span> <span class='ocrx_word' id='word_1_30' title='bbox 327 716 406 795; x_wconf 91' lang='lat' dir='ltr'>quod</span> <span class='ocrx_word' id='word_1_31' title='bbox 422 716 494 777; x_wconf 80' lang='lat' dir='ltr'>milri</span> <span class='ocrx_word' id='word_1_32' title='bbox 511 717 573 796; x_wconf 87' lang='lat' dir='ltr'>post</span> <span class='ocrx_word' id='word_1_33' title='bbox 588 719 702 794; x_wconf 80' lang='lat' dir='ltr'>aliquot</span> <span class='ocrx_word' id='word_1_34' title='bbox 719 717 856 773; x_wconf 82' lang='lat' dir='ltr'>tentami-</span> 
     </span>
    </p>
   </div>
   <div class='ocr_carea' id='block_1_3' title="bbox 88 790 855 875">
    <p class='ocr_par' dir='ltr' id='par_1_3' title="bbox 88 790 855 875">
     <span class='ocr_line' id='line_1_7' title="bbox 88 790 855 875; baseline 0.007 -28"><span class='ocrx_word' id='word_1_35' title='bbox 88 859 91 864; x_wconf 35' lang='grc'>,</span> <span class='ocrx_word' id='word_1_36' title='bbox 191 807 230 848; x_wconf 85' lang='lat' dir='ltr'>na</span> <span class='ocrx_word' id='word_1_37' title='bbox 258 790 379 852; x_wconf 77' lang='lat' dir='ltr'>feliciter</span> <span class='ocrx_word' id='word_1_38' title='bbox 398 795 545 875; x_wconf 88' lang='lat' dir='ltr'>contigit,</span> <span class='ocrx_word' id='word_1_39' title='bbox 573 795 602 852; x_wconf 90' lang='lat' dir='ltr'>in</span> <span class='ocrx_word' id='word_1_40' title='bbox 618 793 713 855; x_wconf 82' lang='lat' dir='ltr'>fistula</span> <span class='ocrx_word' id='word_1_41' title='bbox 731 794 760 848; x_wconf 92' lang='lat' dir='ltr'>in</span> <span class='ocrx_word' id='word_1_42' title='bbox 780 793 855 855; x_wconf 87' lang='lat' dir='ltr'>Vasc</span> 
     </span>
    </p>
   </div>
   <div class='ocr_carea' id='block_1_4' title="bbox 171 868 854 2797">
    <p class='ocr_par' dir='ltr' id='par_1_4' title="bbox 186 868 854 1263">
     <span class='ocr_line' id='line_1_8' title="bbox 190 868 854 951; baseline 0.008 -25"><span class='ocrx_word' id='word_1_43' title='bbox 190 871 302 948; x_wconf 78' lang='lat' dir='ltr'>argenti</span> <span class='ocrx_word' id='word_1_44' title='bbox 322 872 379 932; x_wconf 80' lang='lat' dir='ltr'>viri</span> <span class='ocrx_word' id='word_1_45' title='bbox 398 875 502 950; x_wconf 85' lang='lat' dir='ltr'>pleno,</span> <span class='ocrx_word' id='word_1_46' title='bbox 521 890 612 951; x_wconf 76' lang='lat' dir='ltr'>ecque</span> <span class='ocrx_word' id='word_1_47' title='bbox 624 873 641 930; x_wconf 75' lang='grc' dir='ltr'><strong><em>ὲ</em></strong></span> <span class='ocrx_word' id='word_1_48' title='bbox 654 869 778 933; x_wconf 85' lang='lat' dir='ltr'>vasculo</span> <span class='ocrx_word' id='word_1_49' title='bbox 788 868 854 930; x_wconf 88' lang='lat' dir='ltr'>sen·</span> 
     </span>
     <span class='ocr_line' id='line_1_9' title="bbox 188 943 851 1028; baseline 0.006 -25"><span class='ocrx_word' id='word_1_50' title='bbox 188 943 258 1019; x_wconf 76' lang='lat' dir='ltr'>sim,</span> <span class='ocrx_word' id='word_1_51' title='bbox 279 952 306 1006; x_wconf 72' lang='lat' dir='ltr'>dc</span> <span class='ocrx_word' id='word_1_52' title='bbox 321 946 595 1028; x_wconf 78' lang='lat' dir='ltr'>perpendiculariter</span> <span class='ocrx_word' id='word_1_53' title='bbox 611 951 733 1007; x_wconf 75' lang='lat' dir='ltr'>extracta</span> <span class='ocrx_word' id='word_1_54' title='bbox 748 947 851 1010; x_wconf 87' lang='lat' dir='ltr'>substi-</span> 
     </span>
     <span class='ocr_line' id='line_1_10' title="bbox 188 1021 848 1108; baseline 0.014 -30"><span class='ocrx_word' id='word_1_55' title='bbox 188 1021 227 1080; x_wconf 86' lang='lat' dir='ltr'>tit</span> <span class='ocrx_word' id='word_1_56' title='bbox 243 1026 405 1086; x_wconf 88' lang='lat' dir='ltr'>Mercutius</span> <span class='ocrx_word' id='word_1_57' title='bbox 420 1029 559 1108; x_wconf 77' lang='lat' dir='ltr'>pensilis,</span> <span class='ocrx_word' id='word_1_58' title='bbox 590 1029 621 1086; x_wconf 92' lang='lat' dir='ltr'>in</span> <span class='ocrx_word' id='word_1_59' title='bbox 635 1025 800 1086; x_wconf 79' lang='lat' dir='ltr'>summitate</span> <span class='ocrx_word' id='word_1_60' title='bbox 816 1030 848 1087; x_wconf 79' lang='lat' dir='ltr'>A</span> 
     </span>
     <span class='ocr_line' id='line_1_11' title="bbox 187 1101 849 1184; baseline 0.002 -27"><span class='ocrx_word' id='word_1_61' title='bbox 187 1101 278 1175; x_wconf 90' lang='lat' dir='ltr'>priori</span> <span class='ocrx_word' id='word_1_62' title='bbox 296 1121 388 1166; x_wconf 80' lang='lat' dir='ltr'>vacuo</span> <span class='ocrx_word' id='word_1_63' title='bbox 405 1104 569 1184; x_wconf 82' lang='lat' dir='ltr'>superstite,</span> <span class='ocrx_word' id='word_1_64' title='bbox 595 1106 607 1180; x_wconf 88' lang='grc'>(</span> <span class='ocrx_word' id='word_1_65' title='bbox 626 1106 690 1163; x_wconf 83' lang='lat' dir='ltr'>vide</span> <span class='ocrx_word' id='word_1_66' title='bbox 698 1103 849 1183; x_wconf 73' lang='lat' dir='ltr'>figuram)</span> 
     </span>
     <span class='ocr_line' id='line_1_12' title="bbox 186 1179 846 1263; baseline 0.008 -31"><span class='ocrx_word' id='word_1_67' title='bbox 186 1181 216 1234; x_wconf 85' lang='lat' dir='ltr'>dr</span> <span class='ocrx_word' id='word_1_68' title='bbox 231 1179 324 1238; x_wconf 73' lang='lat' dir='ltr'>relicta</span> <span class='ocrx_word' id='word_1_69' title='bbox 340 1183 369 1240; x_wconf 89' lang='lat' dir='ltr'>in</span> <span class='ocrx_word' id='word_1_70' title='bbox 385 1185 443 1245; x_wconf 88' lang='lat' dir='ltr'>ima</span> <span class='ocrx_word' id='word_1_71' title='bbox 458 1202 538 1263; x_wconf 82' lang='lat' dir='ltr'>parte</span> <span class='ocrx_word' id='word_1_72' title='bbox 556 1181 658 1241; x_wconf 82' lang='lat' dir='ltr'>sistulae</span> <span class='ocrx_word' id='word_1_73' title='bbox 670 1189 691 1239; x_wconf 92' lang='lat' dir='ltr'>B</span> <span class='ocrx_word' id='word_1_74' title='bbox 701 1182 846 1256; x_wconf 83' lang='lat' dir='ltr'>patteali-</span> 
     </span>
    </p>

    <p class='ocr_par' dir='ltr' id='par_1_5' title="bbox 171 1252 847 2559">
     <span class='ocr_line' id='line_1_13' title="bbox 208 1252 847 1332; baseline 0.02 -20"><span class='ocrx_word' id='word_1_75' title='bbox 208 1271 243 1313; x_wconf 87' lang='lat' dir='ltr'>ua</span> <span class='ocrx_word' id='word_1_76' title='bbox 257 1260 404 1321; x_wconf 86' lang='lat' dir='ltr'>Mercurio</span> <span class='ocrx_word' id='word_1_77' title='bbox 420 1280 525 1321; x_wconf 75' lang='lat' dir='ltr'>vacuat</span> <span class='ocrx_word' id='word_1_78' title='bbox 549 1257 700 1316; x_wconf 67' lang='lat' dir='ltr'>observavi</span> <span class='ocrx_word' id='word_1_79' title='bbox 713 1252 847 1332; x_wconf 75' lang='lat' dir='ltr'>P0stm0·</span> 
     </span>
     <span class='ocr_line' id='line_1_14' title="bbox 183 1272 844 1404; baseline 0.011 -17"><span class='ocrx_word' id='word_1_80' title='bbox 183 1272 259 1388; x_wconf 71' lang='lat' dir='ltr'>dum</span> <span class='ocrx_word' id='word_1_81' title='bbox 276 1334 307 1391; x_wconf 89' lang='lat' dir='ltr'>in</span> <span class='ocrx_word' id='word_1_82' title='bbox 322 1335 375 1393; x_wconf 86' lang='lat' dir='ltr'>hac</span> <span class='ocrx_word' id='word_1_83' title='bbox 395 1337 492 1399; x_wconf 77' lang='lat' dir='ltr'>fistula</span> <span class='ocrx_word' id='word_1_84' title='bbox 507 1335 544 1392; x_wconf 88' lang='lat' dir='ltr'>src</span> <span class='ocrx_word' id='word_1_85' title='bbox 558 1332 715 1390; x_wconf 79' lang='lat' dir='ltr'>constituta</span> <span class='ocrx_word' id='word_1_86' title='bbox 732 1373 742 1404; x_wconf 90' lang='lat'>,</span> <span class='ocrx_word' id='word_1_87' title='bbox 772 1331 844 1395; x_wconf 81' lang='lat' dir='ltr'>dum</span> 
     </span>
     <span class='ocr_line' id='line_1_15' title="bbox 183 1407 845 1485; baseline 0.006 -22"><span class='ocrx_word' id='word_1_88' title='bbox 183 1407 319 1465; x_wconf 79' lang='lat' dir='ltr'>transitus</span> <span class='ocrx_word' id='word_1_89' title='bbox 347 1411 383 1468; x_wconf 85' lang='lat' dir='ltr'>fir</span> <span class='ocrx_word' id='word_1_90' title='bbox 408 1414 426 1469; x_wconf 79' lang='grc' dir='ltr'>ὲ</span> <span class='ocrx_word' id='word_1_91' title='bbox 452 1408 606 1469; x_wconf 73' lang='lat' dir='ltr'>serenitate</span> <span class='ocrx_word' id='word_1_92' title='bbox 633 1407 669 1467; x_wconf 80' lang='lat' dir='ltr'>ad</span> <span class='ocrx_word' id='word_1_93' title='bbox 694 1410 845 1485; x_wconf 78' lang='lat' dir='ltr'>pluviam,</span> 
     </span>
     <span class='ocr_line' id='line_1_16' title="bbox 183 1481 842 1558; baseline 0.014 -21"><span class='ocrx_word' id='word_1_94' title='bbox 183 1481 351 1541; x_wconf 85' lang='lat' dir='ltr'>descendere</span> <span class='ocrx_word' id='word_1_95' title='bbox 372 1487 551 1544; x_wconf 88' lang='lat' dir='ltr'>Mercurium</span> <span class='ocrx_word' id='word_1_96' title='bbox 567 1489 594 1540; x_wconf 77' lang='lat' dir='ltr'>dc</span> <span class='ocrx_word' id='word_1_97' title='bbox 611 1482 639 1538; x_wconf 89' lang='lat' dir='ltr'>in</span> <span class='ocrx_word' id='word_1_98' title='bbox 660 1486 793 1558; x_wconf 89' lang='lat' dir='ltr'>summo,</span> <span class='ocrx_word' id='word_1_99' title='bbox 813 1491 842 1546; x_wconf 74' lang='lat' dir='ltr'>dt</span> 
     </span>
     <span class='ocr_line' id='line_1_17' title="bbox 183 1556 843 1635; baseline 0.005 -20"><span class='ocrx_word' id='word_1_100' title='bbox 183 1560 214 1615; x_wconf 85' lang='lat' dir='ltr'>in</span> <span class='ocrx_word' id='word_1_101' title='bbox 231 1556 291 1612; x_wconf 84' lang='lat' dir='ltr'>imo</span> <span class='ocrx_word' id='word_1_102' title='bbox 305 1557 430 1635; x_wconf 83' lang='lat' dir='ltr'>fistulae,</span> <span class='ocrx_word' id='word_1_103' title='bbox 458 1560 538 1618; x_wconf 81' lang='lat' dir='ltr'>sicuti</span> <span class='ocrx_word' id='word_1_104' title='bbox 555 1557 721 1617; x_wconf 85' lang='lat' dir='ltr'>succedente</span> <span class='ocrx_word' id='word_1_105' title='bbox 736 1558 843 1618; x_wconf 84' lang='lat' dir='ltr'>sereni-</span> 
     </span>
     <span class='ocr_line' id='line_1_18' title="bbox 182 1631 841 1712; baseline 0.006 -20"><span class='ocrx_word' id='word_1_106' title='bbox 182 1647 243 1692; x_wconf 86' lang='lat' dir='ltr'>care</span> <span class='ocrx_word' id='word_1_107' title='bbox 257 1631 428 1712; x_wconf 71' lang='lat' dir='ltr'>ascendere,</span> <span class='ocrx_word' id='word_1_108' title='bbox 453 1638 600 1697; x_wconf 85' lang='lat' dir='ltr'>&amp;elevari</span> <span class='ocrx_word' id='word_1_109' title='bbox 617 1635 791 1696; x_wconf 86' lang='lat' dir='ltr'>Mercurium</span> <span class='ocrx_word' id='word_1_110' title='bbox 808 1640 841 1697; x_wconf 84' lang='lat' dir='ltr'>in</span> 
     </span>
     <span class='ocr_line' id='line_1_19' title="bbox 181 1712 839 1810; baseline 0.011 -40"><span class='ocrx_word' id='word_1_111' title='bbox 181 1727 308 1787; x_wconf 86' lang='lat' dir='ltr'>utraque</span> <span class='ocrx_word' id='word_1_112' title='bbox 333 1715 513 1772; x_wconf 79' lang='lat' dir='ltr'>extremitate</span> <span class='ocrx_word' id='word_1_113' title='bbox 530 1761 537 1778; x_wconf 83' lang='grc'>,</span> <span class='ocrx_word' id='word_1_114' title='bbox 563 1715 626 1771; x_wconf 86' lang='lat' dir='ltr'>Cur</span> <span class='ocrx_word' id='word_1_115' title='bbox 640 1733 712 1810; x_wconf 73' lang='lat' dir='ltr'>ergo</span> <span class='ocrx_word' id='word_1_116' title='bbox 732 1712 764 1772; x_wconf 89' lang='lat' dir='ltr'>in</span> <span class='ocrx_word' id='word_1_117' title='bbox 785 1719 839 1778; x_wconf 84' lang='lat' dir='ltr'>cali</span> 
     </span>
     <span class='ocr_line' id='line_1_20' title="bbox 180 1789 837 1873; baseline 0.005 -25"><span class='ocrx_word' id='word_1_118' title='bbox 180 1790 350 1848; x_wconf 80' lang='lat' dir='ltr'>Barometro</span> <span class='ocrx_word' id='word_1_119' title='bbox 369 1798 430 1850; x_wconf 75' lang='lat' dir='ltr'>Aer</span> <span class='ocrx_word' id='word_1_120' title='bbox 448 1794 541 1872; x_wconf 71' lang='lat' dir='ltr'>aquis</span> <span class='ocrx_word' id='word_1_121' title='bbox 550 1793 695 1870; x_wconf 73' lang='lat' dir='ltr'>particulo</span> <span class='ocrx_word' id='word_1_122' title='bbox 710 1789 837 1873; x_wconf 77' lang='lat' dir='ltr'>refertus,</span> 
     </span>
     <span class='ocr_line' id='line_1_21' title="bbox 178 1866 837 1953; baseline 0.008 -29"><span class='ocrx_word' id='word_1_123' title='bbox 178 1866 279 1937; x_wconf 76' lang='lat' dir='ltr'>eraffioc</span> <span class='ocrx_word' id='word_1_124' title='bbox 293 1887 375 1946; x_wconf 85' lang='lat' dir='ltr'>quam</span> <span class='ocrx_word' id='word_1_125' title='bbox 395 1887 458 1928; x_wconf 78' lang='lat' dir='ltr'>cum</span> <span class='ocrx_word' id='word_1_126' title='bbox 470 1873 580 1948; x_wconf 76' lang='lat' dir='ltr'>serenus</span> <span class='ocrx_word' id='word_1_127' title='bbox 594 1869 650 1946; x_wconf 75' lang='lat' dir='ltr'>est,</span> <span class='ocrx_word' id='word_1_128' title='bbox 669 1875 715 1931; x_wconf 81' lang='lat' dir='ltr'>cui</span> <span class='ocrx_word' id='word_1_129' title='bbox 724 1873 837 1953; x_wconf 79' lang='lat' dir='ltr'>perinde</span> 
     </span>
     <span class='ocr_line' id='line_1_22' title="bbox 178 1944 837 2030; baseline 0.005 -26"><span class='ocrx_word' id='word_1_130' title='bbox 178 1944 302 2020; x_wconf 72' lang='lat' dir='ltr'>cecidit,</span> <span class='ocrx_word' id='word_1_131' title='bbox 328 1965 361 2000; x_wconf 84' lang='lat' dir='ltr'>ac</span> <span class='ocrx_word' id='word_1_132' title='bbox 373 1947 399 2021; x_wconf 74' lang='lat' dir='ltr'><em>fi</em></span> <span class='ocrx_word' id='word_1_133' title='bbox 414 1948 446 2006; x_wconf 78' lang='lat' dir='ltr'>r&#39;n</span> <span class='ocrx_word' id='word_1_134' title='bbox 474 1967 574 2030; x_wconf 77' lang='lat' dir='ltr'>aquam</span> <span class='ocrx_word' id='word_1_135' title='bbox 591 1950 696 2008; x_wconf 78' lang='lat' dir='ltr'>dulcem</span> <span class='ocrx_word' id='word_1_136' title='bbox 716 1953 837 2023; x_wconf 65' lang='lat' dir='ltr'>insereris</span> 
     </span>
     <span class='ocr_line' id='line_1_23' title="bbox 175 2023 835 2109; baseline 0.008 -28"><span class='ocrx_word' id='word_1_137' title='bbox 175 2023 268 2081; x_wconf 77' lang='lat' dir='ltr'>Salem</span> <span class='ocrx_word' id='word_1_138' title='bbox 285 2030 316 2080; x_wconf 79' lang='lat' dir='ltr'>er&#39;r</span> <span class='ocrx_word' id='word_1_139' title='bbox 332 2043 384 2102; x_wconf 80' lang='lat' dir='ltr'>quo</span> <span class='ocrx_word' id='word_1_140' title='bbox 399 2027 500 2100; x_wconf 79' lang='lat' dir='ltr'>craffior</span> <span class='ocrx_word' id='word_1_141' title='bbox 508 2029 646 2106; x_wconf 78' lang='lat' dir='ltr'>redditur,</span> <span class='ocrx_word' id='word_1_142' title='bbox 666 2050 699 2086; x_wconf 82' lang='lat' dir='ltr'>ae</span> <span class='ocrx_word' id='word_1_143' title='bbox 709 2033 835 2109; x_wconf 79' lang='lat' dir='ltr'>pondero·</span> 
     </span>
     <span class='ocr_line' id='line_1_24' title="bbox 171 2100 835 2177; baseline 0.014 -20"><span class='ocrx_word' id='word_1_144' title='bbox 171 2100 225 2174; x_wconf 75' lang='lat' dir='ltr'>fior</span> <span class='ocrx_word' id='word_1_145' title='bbox 249 2103 308 2173; x_wconf 91' lang='lat' dir='ltr'>(ut</span> <span class='ocrx_word' id='word_1_146' title='bbox 324 2100 409 2177; x_wconf 75' lang='lat' dir='ltr'>ipsus</span> <span class='ocrx_word' id='word_1_147' title='bbox 435 2109 472 2164; x_wconf 89' lang='lat' dir='ltr'>D.</span> <span class='ocrx_word' id='word_1_148' title='bbox 486 2106 678 2164; x_wconf 82' lang='lat' dir='ltr'>Schelhameri</span> <span class='ocrx_word' id='word_1_149' title='bbox 694 2112 787 2168; x_wconf 82' lang='lat' dir='ltr'>verbis</span> <span class='ocrx_word' id='word_1_150' title='bbox 801 2127 835 2166; x_wconf 92' lang='lat' dir='ltr'>u-</span> 
     </span>
     <span class='ocr_line' id='line_1_25' title="bbox 178 2179 836 2259; baseline 0.017 -25"><span class='ocrx_word' id='word_1_151' title='bbox 178 2180 246 2251; x_wconf 82' lang='lat' dir='ltr'>ror)</span> <span class='ocrx_word' id='word_1_152' title='bbox 264 2195 316 2235; x_wconf 89' lang='lat' dir='ltr'>cur</span> <span class='ocrx_word' id='word_1_153' title='bbox 342 2179 460 2259; x_wconf 84' lang='lat' dir='ltr'>inquam</span> <span class='ocrx_word' id='word_1_154' title='bbox 475 2184 649 2241; x_wconf 88' lang='lat' dir='ltr'>Mercurium</span> <span class='ocrx_word' id='word_1_155' title='bbox 664 2200 714 2258; x_wconf 87' lang='lat' dir='ltr'>per</span> <span class='ocrx_word' id='word_1_156' title='bbox 730 2187 836 2244; x_wconf 83' lang='lat' dir='ltr'>lineam</span> 
     </span>
     <span class='ocr_line' id='line_1_26' title="bbox 177 2252 834 2341; baseline 0.012 -30"><span class='ocrx_word' id='word_1_157' title='bbox 177 2254 282 2312; x_wconf 71' lang='lat' dir='ltr'>tetram</span> <span class='ocrx_word' id='word_1_158' title='bbox 298 2252 411 2316; x_wconf 85' lang='lat' dir='ltr'>sursum</span> <span class='ocrx_word' id='word_1_159' title='bbox 421 2278 480 2318; x_wconf 89' lang='lat' dir='ltr'>non</span> <span class='ocrx_word' id='word_1_160' title='bbox 496 2261 649 2339; x_wconf 83' lang='lat' dir='ltr'>propellit,</span> <span class='ocrx_word' id='word_1_161' title='bbox 669 2260 834 2341; x_wconf 78' lang='lat' dir='ltr'>ficutiaqna</span> 
     </span>
     <span class='ocr_line' id='line_1_27' title="bbox 178 2333 837 2410; baseline 0.017 -21"><span class='ocrx_word' id='word_1_162' title='bbox 178 2333 290 2391; x_wconf 81' lang='lat' dir='ltr'>marina</span> <span class='ocrx_word' id='word_1_163' title='bbox 309 2334 416 2392; x_wconf 84' lang='lat' dir='ltr'>Navim</span> <span class='ocrx_word' id='word_1_164' title='bbox 435 2342 446 2410; x_wconf 86' lang='grc'><strong>(</strong></span> <span class='ocrx_word' id='word_1_165' title='bbox 465 2353 497 2394; x_wconf 90' lang='lat' dir='ltr'>uc</span> <span class='ocrx_word' id='word_1_166' title='bbox 510 2338 546 2395; x_wconf 87' lang='lat' dir='ltr'>ab</span> <span class='ocrx_word' id='word_1_167' title='bbox 563 2334 689 2410; x_wconf 82' lang='lat' dir='ltr'>ejusdem</span> <span class='ocrx_word' id='word_1_168' title='bbox 702 2357 781 2400; x_wconf 80' lang='lat' dir='ltr'>exem</span> <span class='ocrx_word' id='word_1_169' title='bbox 805 2341 837 2400; x_wconf 85' lang='lat' dir='ltr'>lo</span> 
     </span>
     <span class='ocr_line' id='line_1_28' title="bbox 176 2359 840 2543; baseline 0.026 -79"><span class='ocrx_word' id='word_1_170' title='bbox 176 2427 247 2543; x_wconf 57' lang='lat'>¹¹9¹}</span> <span class='ocrx_word' id='word_1_171' title='bbox 259 2407 386 2523; x_wconf 61' lang='lat' dir='ltr'>rpccdam</span> <span class='ocrx_word' id='word_1_172' title='bbox 405 2417 418 2489; x_wconf 87' lang='grc'>)</span> <span class='ocrx_word' id='word_1_173' title='bbox 443 2414 531 2479; x_wconf 74' lang='lat' dir='ltr'>altiitd</span> <span class='ocrx_word' id='word_1_174' title='bbox 545 2418 657 2478; x_wconf 79' lang='lat' dir='ltr'>attollit</span> <span class='ocrx_word' id='word_1_175' title='bbox 673 2418 763 2500; x_wconf 61' lang='lat' dir='ltr'>quim</span> <span class='ocrx_word' id='word_1_176' title='bbox 778 2359 840 2481; x_wconf 61' lang='lat' dir='ltr'>du-</span> 
     </span>
     <span class='ocr_line' id='line_1_29' title="bbox 177 2506 630 2559; baseline 0.004 -11"><span class='ocrx_word' id='word_1_177' title='bbox 177 2506 283 2559; x_wconf 68' lang='lat' dir='ltr'>,viam-</span> <span class='ocrx_word' id='word_1_178' title='bbox 628 2553 630 2559; x_wconf 63' lang='grc'>,</span> 
     </span>
    </p>

    <p class='ocr_par' dir='ltr' id='par_1_6' title="bbox 177 2565 842 2793">
     <span class='ocr_line' id='line_1_30' title="bbox 215 2565 842 2649; baseline 0.021 -29"><span class='ocrx_word' id='word_1_179' title='bbox 215 2569 257 2620; x_wconf 79' lang='lat' dir='ltr'>Ex</span> <span class='ocrx_word' id='word_1_180' title='bbox 283 2565 442 2626; x_wconf 75' lang='lat' dir='ltr'>necessitate</span> <span class='ocrx_word' id='word_1_181' title='bbox 467 2585 590 2648; x_wconf 76' lang='lat' dir='ltr'>autem,</span> <span class='ocrx_word' id='word_1_182' title='bbox 614 2584 644 2639; x_wconf 67' lang='grc' dir='ltr'>ὅ(</span> <span class='ocrx_word' id='word_1_183' title='bbox 661 2579 742 2649; x_wconf 76' lang='lat' dir='ltr'>juxta</span> <span class='ocrx_word' id='word_1_184' title='bbox 761 2577 842 2637; x_wconf 74' lang='lat' dir='ltr'>illius</span> 
     </span>
     <span class='ocr_line' id='line_1_31' title="bbox 177 2636 839 2793; baseline 0.027 -94"><span class='ocrx_word' id='word_1_185' title='bbox 177 2636 320 2721; x_wconf 74' lang='lat' dir='ltr'>principia</span> <span class='ocrx_word' id='word_1_186' title='bbox 329 2641 670 2733; x_wconf 68' lang='lat' dir='ltr'>debereridcootingem,</span> <span class='ocrx_word' id='word_1_187' title='bbox 688 2655 839 2793; x_wconf 55' lang='lat' dir='ltr'>fflffiin</span> 
     </span>
    </p>

    <p class='ocr_par' dir='ltr' id='par_1_7' title="bbox 714 2749 800 2797">
     <span class='ocr_line' id='line_1_32' title="bbox 714 2749 800 2797; baseline -0.012 -7"><span class='ocrx_word' id='word_1_188' title='bbox 714 2749 735 2790; x_wconf 88' lang='grc' dir='ltr'>ιι</span> <span class='ocrx_word' id='word_1_189' title='bbox 771 2752 800 2797; x_wconf 75' lang='lat' dir='ltr'>,r-</span> 
     </span>
    </p>
   </div>
   <div class='ocr_carea' id='block_1_5' title="bbox 0 0 912 3450">
    <p class='ocr_par' dir='ltr' id='par_1_8' title="bbox 0 0 912 3450">
     <span class='ocr_line' id='line_1_33' title="bbox 0 0 912 3450; baseline 0 6"><span class='ocrx_word' id='word_1_190' title='bbox 0 0 912 3450; x_wconf 95' lang='lat' dir='ltr'> </span> 
     </span>
    </p>
   </div>
  </div>
 </body>
</html>
