1816 3450
689 250 731 322 95

116 326 233 386 -cenriar
251 326 278 384 in
297 322 376 405 parte
388 318 538 399 inferiori,
558 322 602 380 uri
620 319 782 400 persuasum

133 404 235 463 habuit
264 409 301 463 D.
321 401 558 477 schelhamerur,
584 397 658 474 (nili
674 397 784 476 fingere

116 486 256 542 ¹velimus
269 485 374 543 Aerem
391 479 706 556 superincumbentem,
735 472 786 530 ubi

132 562 307 621 Mercurium
325 560 434 636 tangit,
455 560 484 619 vi
501 557 628 639 quadarn
644 551 788 626 merom,

115 643 158 696 ·&
174 640 353 717 magnetica,
374 637 457 692 illurn
484 636 515 692 in
532 633 653 692 subiimc
669 630 787 690 attolle-

132 720 187 792 re)
209 715 255 772 scd
272 730 391 790 propter
411 714 555 770 minorem
571 713 658 770 Aeris
674 708 790 789 pressio·

134 809 226 849 nem.
253 790 308 846 Ubi
331 806 428 846 aurern
453 788 513 845 duo
529 789 662 867 Corpora
681 795 709 846 in
725 805 790 845 exn·
881 838 885 848 .

135 862 259 921 &iffir'no
281 866 444 939 aequilibrio
467 862 620 920 constitura
645 865 681 920 ab
697 882 731 920 eo
747 863 792 919 di·

137 944 318 1008 moventur,
346 940 519 1015 principium
534 955 647 1010 motus,
673 956 733 992 non
754 937 797 993 ini

139 1017 188 1073 cui
215 1013 325 1092 aliquid
347 1014 479 1090 ponderis
504 1013 661 1070 detrastum
688 1009 798 1084 fuerit,

143 1093 190 1151 scd
219 1092 302 1151 alteri
320 1089 376 1146 suis
395 1088 503 1148 viribus
519 1091 632 1167 integro
649 1084 798 1165 acceptum

104 1191 109 1197 ·
141 1169 367 1229 referridebec:
396 1167 486 1225 sicin
506 1166 640 1225 Machina
660 1169 800 1222 Pneuma·

129 1250 198 1304 rica
222 1250 367 1315 collocato
392 1253 586 1319 Buromctro‚
614 1249 640 1300 δι
657 1245 804 1299 exantlato

141 1343 226 1400 aere,
254 1325 415 1384 Mercurius
434 1328 463 1382 in
481 1331 538 1383 Vas
558 1320 712 1396 subjcstum
731 1339 805 1377 con·

140 1403 239 1478 cidit,
269 1407 347 1461 Aere
369 1407 439 1463 uero
459 1400 594 1478 immisto,
621 1401 657 1460 ad
671 1399 801 1480 priorem

142 1481 328 1540 altitudinem
345 1481 477 1564 affurgic.

180 1565 288 1618 Verum
315 1561 584 1640 largiamurerinnr
605 1556 713 1617 'c'urrsta
740 1554 800 1614 huc

142 1637 251 1694 nullius
266 1637 318 1693 effe
332 1643 465 1713 roboris5
477 1632 525 1699 stu
544 1639 579 1696 ad
597 1635 683 1697 instar
699 1638 803 1692 velica-

137 1714 229 1767 cionis
249 1712 392 1778 cuiusdam
410 1716 513 1788 fuiiie,
541 1734 572 1772 ac
592 1717 693 1775 demus
712 1714 798 1769 etiarn

143 1787 323 1842 Mercurium
351 1789 397 1859 effi
417 1792 560 1864 corpure-in
580 1791 670 1863 fluida
687 1794 803 1847 tenuiori

142 1858 279 1934 ronfistenr
294 1900 305 1930 ,
334 1860 439 1931 ruodo,
460 1879 492 1917 ur
509 1880 569 1916 rem
587 1882 620 1917 ex
636 1865 688 1919 esse
705 1868 802 1921 conii·

143 1938 233 2010 ciam,
262 1953 293 1992 ac
310 1933 456 1992 ostendum
471 1935 620 2014 quomodo
637 1936 695 1991 haec
712 1941 805 1995 ciera-

145 2016 187 2072 rio
208 2014 343 2071 Mercurii
359 2015 389 2070 in
405 2012 530 2072 Vasculo
550 2021 589 2075 D.
600 2010 803 2072 Schelhamcro

146 2091 336 2172 imposuerit,
365 2094 485 2150 alteram
502 2090 661 2149 Baronrerri
682 2088 805 2166 speciem

145 2172 177 2227 in
195 2170 319 2227 inedium
339 2169 514 2243 producam,
532 2167 735 2247 in'quafistuia
748 2188 807 2226 non

143 2249 185 2308 est
203 2245 334 2308 immersa
349 2249 379 2305 in
398 2247 548 2324 vasculo,
579 2248 627 2305 ied-
643 2250 804 2306 Mercurius

147 2345 197 2407 per
212 2331 318 2386 lineam
335 2327 598 2406 perpendicularem
615 2328 718 2402 pendet
734 2327 808 2385 infi-

149 2407 224 2466 stula
240 2409 313 2465 iecra
331 2425 381 2464 nce
398 2406 516 2480 effluit,
533 2424 566 2464 ur
581 2408 612 2463 in
625 2400 807 2480 apposita-Ei-

150 2487 350 2567 guroprima.

190 2567 273 2620 Dum
300 2565 357 2620 haec
374 2565 470 2624 animo
486 2563 621 2622 veriorem
643 2557 730 2620 subiit
746 2564 808 2620 ani·

151 2660 235 2702 mum
251 2640 389 2722 cogitatio
402 2643 590 2726 experiuucfi,
608 2640 808 2780 nunrinfigu·
