1816 3450
200 224 360 385 omnfsbue
375 305 458 385 periti
474 303 543 361 artis
559 305 849 368 demonstrandicons

200 384 343 446 sentiunt.
362 391 430 442 Non
450 381 522 457 aegte
539 381 612 440 serat
629 384 737 461 igitur,
759 387 778 444 si
787 387 848 465 pri·

204 483 287 523 mum
306 477 406 538 negem
426 501 436 529 ,
462 457 508 514 hit
533 456 783 518 fermentationem
802 464 849 519 in·

198 538 358 605 tettedtte‚
380 552 444 609 quae
463 536 554 612 quim
573 533 730 616 longissime
747 539 783 593 ab
794 537 848 596 hac

199 616 310 674 afflone
337 607 480 670 discedit.
508 613 562 672 Hic
589 632 686 672 autem
705 615 849 673 metallica

195 708 246 767 pet
266 686 368 747 salium
396 686 566 749 acutissimas
584 689 707 770 spinulas
729 735 738 765 ,
766 689 849 762 adju-

193 765 328 828 vantibus
355 760 475 823 fortaffis
502 768 594 846 igneis
614 788 678 848 quae
697 769 727 824 in
749 766 791 824 his
811 769 849 825 si·

192 842 333 923 quotibus
352 861 386 900 ex
406 842 598 905 destillatione
629 846 746 904 tefiduae
765 844 847 918 sunt,

190 922 202 995 (
214 921 295 1000 quod
318 937 352 979 ut
372 918 514 996 suspicer,
534 925 634 982 multa.
654 923 720 982 sunt
738 917 848 1000 eausoe)

193 998 225 1056 in
244 997 365 1057 minima
385 998 582 1077 rediguntut‚
614 1018 678 1060 tum
697 1018 771 1079 aqua
791 998 850 1077 sty-

213 1076 240 1133 ia
259 1076 345 1155 longe
363 1075 540 1154 gravissima,
562 1077 738 1138 tenuissimas
758 1081 786 1133 be
805 1094 849 1132 te-

192 1094 273 1211 bexae
291 1156 435 1211 coitsmnae
462 1173 523 1212 non
543 1157 668 1232 amplius
689 1153 848 1213 resistentes

195 1231 228 1289 in
244 1233 338 1289 altum
358 1230 484 1306 attollit,
505 1232 553 1291 nbi
568 1231 733 1309 disparent,
752 1231 852 1306 &pel-

193 1305 393 1369 lucidissimam
413 1310 599 1386 relinquunt:
627 1326 661 1366 ex
680 1325 742 1388 qun
762 1308 851 1366 cossi-

193 1402 261 1464 gere
280 1384 322 1443 est
342 1389 432 1461 quam
457 1385 511 1442 sint
536 1384 671 1457 exigue,
699 1401 764 1441 cnm
784 1405 851 1444 om·

195 1478 264 1518 nem
283 1458 397 1547 fugiant
414 1460 502 1517 aciem
521 1461 699 1522 oculorum.
723 1461 758 1517 Id
781 1461 854 1526 venb

197 1531 290 1606 fieti,
316 1532 479 1589 insinuante
513 1534 542 1590 se
568 1534 670 1590 subtus
688 1553 763 1609 aqua
784 1537 851 1610 issa,

192 1612 223 1664 δι
242 1623 293 1685 pet
311 1602 444 1663 reflexam
472 1609 672 1664 columnulam
691 1608 854 1684 quamlibet

195 1682 381 1768 extendente,
400 1700 432 1739 at
455 1696 573 1742 umento
590 1682 656 1757 est,
685 1681 783 1771 (μιὸάζ
801 1684 852 1743 ubi

194 1775 303 1837 patum
321 1768 416 1824 eiua:
461 1759 547 1824 ndat,
566 1775 600 1808 nt
621 1757 704 1810 nulia
721 1757 755 1812 fit
775 1775 853 1820 tntee

193 1845 355 1911 utrumque
375 1828 550 1904 propenso,
576 1825 769 1890 dissolvuntur
788 1837 857 1913 qui.

195 1910 289 1986 dem,
317 1903 363 1967 sed
383 1901 509 1963 infundo
564 1905 652 1966 estant
673 1928 682 1959 e
708 1910 766 1969 Ubi
786 1914 856 1989 pluo

195 1986 354 2059 affudetis,
382 1979 462 2039 illieb
486 1981 515 2038 di
531 2001 634 2060 parent
652 2001 746 2065 atque·
763 1992 855 2048 attol-

107 2112 118 2135 ,
195 2066 320 2141 suntne,
339 2062 406 2122 lieet
423 2056 497 2117 nihil
515 2079 652 2125 moveat.
683 2065 763 2143 Quid
781 2083 854 2146 engo

197 2143 327 2216 attollit,
355 2139 376 2195 si
395 2139 514 2196 attattut
534 2136 755 2217 superficiesque
772 2145 852 2200 mus-

198 2218 329 2296 tiplicata
357 2213 403 2272 hie
429 2214 459 2271 in
487 2215 570 2294 eausa
595 2213 663 2273 esti
690 2222 766 2276 Nam
795 2218 847 2276 ille

198 2294 350 2432 ἮιηΡΙεᾷἰ
376 2309 515 2368 tantum,
540 2311 600 2353 non
624 2295 714 2352 etiam
739 2295 847 2373 pellent

196 2388 214 2430 fl
278 2388 353 2432 ons·

237 2391 340 2531 Lbnge
356 2447 486 2528 ptofeun
504 2447 607 2510 meliitn
625 2449 780 2526 ,nisinun
800 2470 853 2514 ex·

199 2524 321 2599 plicavit
347 2527 491 2585 tationem
517 2530 683 2590 natantium
703 2530 733 2588 in
754 2528 853 2591 fluidi·

196 2616 376 2681 conpotum,
393 2606 483 2684 quam
501 2621 538 2666 ex
555 2606 687 2671 uulileo
704 2607 758 2671 suo
771 2607 853 2743 §seti-
