1816 3450
206 185 349 338 numini»,
371 263 399 320 δι
414 251 730 339 mensuttcondlderlt‚
746 242 862 346 ltocpass'

203 344 256 403 ἃο
272 347 377 401 Acrem
393 337 506 397 ob'vim
525 331 664 391 clasticam
682 339 717 395 ad
734 341 860 402 intume-

205 418 345 479 scentiam
363 432 487 494 pronum
501 398 538 468 lle
555 410 762 541 compesceret,
781 425 810 480 ες
822 421 857 478 ad

202 499 302 556 varios
320 491 386 551 usus
404 491 544 566 aptiorem
562 484 609 542 red
631 504 713 562 etet,
732 508 764 550 ac
785 516 859 571 pm.

206 572 304 642 settim
331 568 367 625 ad
395 563 587 642 respirationis
615 581 746 638 munus,
775 589 809 628 ut
826 576 858 631 in

203 643 339 704 Tiastatu
357 663 423 703 meo
439 639 660 716 Ephenteridum
679 647 857 714 Barometri-

200 739 300 779 eatum
318 719 383 778 satis
397 718 639 781 demonstrarunt,

240 797 309 856 Ello
337 816 434 856 autem
449 799 528 879 quod
546 796 683 873 nitroso,
709 816 741 855 ac
758 814 856 861 terreae

200 876 353 954 particulae
380 895 430 954 per
460 882 567 934 Aerem
604 876 761 934 volitantes
790 879 856 953 plus

166 1023 168 1028 ,
199 955 307 1010 millies
329 951 465 1031 superent
484 954 571 1010 Acris
586 953 717 1029 pondus,
737 955 817 1032 quod
830 957 856 1013 i·

198 1029 267 1089 elem
296 1028 332 1088 de
350 1032 450 1107 aqueis
469 1030 616 1108 particulis
631 1029 854 1094 affirmandumt

196 1108 443 1186 quisidignoratl
465 1111 707 1188 Aurumquoque
718 1109 854 1188 insignem

197 1188 351 1264 gravitatis
378 1183 516 1245 excessum
533 1185 733 1262 superaquam
750 1188 853 1261 habet,

198 1263 321 1341 vigesies
338 1260 414 1337 sete,
435 1279 466 1320 ut
483 1264 524 1319 ait
540 1262 688 1330 Gasilaeus,
709 1260 798 1349 pauli>
809 1280 854 1320 ta·

94 1378 99 1384 -
196 1357 268 1398 nen
285 1342 430 1396 minorem
447 1338 642 1413 superaquam
659 1352 783 1413 regiam,
799 1359 852 1397 au-

194 1417 221 1472 ri
238 1434 335 1471 tamen
364 1415 510 1490 particular
539 1415 568 1467 in
588 1411 638 1467 tali
657 1430 732 1490 aqua
749 1415 852 1474 solutae

195 1508 248 1568 per
266 1491 352 1545 illam
362 1493 513 1560 innatant,
533 1489 599 1544 licet
619 1487 718 1544 eadem
734 1494 851 1567 gravio-

190 1583 257 1639 res,
275 1581 307 1619 ac
327 1567 408 1633 vere,
429 1567 457 1617 &
471 1563 602 1622 absolute
617 1563 673 1621 dici
692 1569 798 1641 poterit
813 1569 851 1627 de

190 1641 284 1717 Aqua
312 1640 389 1716 tegla
409 1640 490 1714 quod
509 1637 646 1700 sustentet
665 1643 755 1707 maius
772 1661 849 1723 port-

192 1716 248 1776 dus
278 1735 365 1794 quam
383 1715 441 1792 ipsa
457 1717 616 1776 constituat
634 1738 647 1779 ,·
674 1723 701 1776 ἃ
720 1739 770 1777 cur
786 1739 847 1780 non

189 1795 266 1854 idem
295 1795 330 1852 de
352 1796 458 1850 Aere!
486 1797 631 1854 omittam
645 1795 797 1855 &Galilaeo
817 1800 848 1857 in

185 1873 277 1932 citato
296 1877 392 1949 Opere
407 1889 435 1947 p.
448 1885 538 1946 m.46.
561 1871 745 1932 demonstrari
761 1875 845 1952 polli-

185 1951 244 2012 bile
259 1949 327 2023 effe,
360 1968 392 2008 ut
409 1968 444 2005 ex
460 1953 587 2030 qualibet
602 1950 720 2008 materia
757 1972 846 2031 topo-

183 2028 235 2088 srta
252 2027 394 2105 Pyramls,
415 2025 463 2084 seu
479 2031 583 2089 Conur
594 2025 655 2084 ficri
671 2047 709 2103 po
732 2047 771 2104 rt,
792 2030 844 2107 qui

184 2106 271 2183 super
298 2123 403 2180 aquam
433 2107 594 2162 collocatus
611 2118 669 2156 non
688 2105 844 2183 immerga-

183 2196 250 2248 tur,
269 2177 314 2233 sed
328 2175 763 2238 solumilliusBastsmadescar.
782 2183 842 2237 Mi·

182 2253 239 2310 tari
267 2267 363 2309 autem
385 2255 431 2312 lric
451 2254 526 2313 subit
544 2251 696 2328 quomodo
709 2252 841 2311 D.Sche-

184 2328 336 2387 shamerun
360 2330 524 2402 huiusmodi
543 2321 783 2402 corpusculorum
806 2331 838 2393 in

180 2409 259 2465 Aere
286 2421 416 2464 natatum
434 2425 489 2482 pro
509 2419 570 2460 tant
585 2401 696 2480 ingenti
711 2402 837 2468 absurdo

176 2499 322 2557 reputet,
349 2485 400 2559 qui
420 2499 473 2556 pro
490 2477 546 2535 suae
561 2476 753 2557 praeiudicatae
774 2487 835 2542 De.

171 2557 388 2640 monstratiouir
402 2553 596 2641 sundameuto
608 2572 669 2639 eam
683 2557 833 2641 confidcnff

312 2680 316 2686 ·
748 2651 791 2698 set
